@article{sparky,
  title={SPARKY 3},
  author={Goddard, TD and Kneller, DG},
  journal={University of California, San Francisco},
  volume={14},
  pages={15},
  year={2004}
}

@article{ccpn,
  title={The CCPN data model for NMR spectroscopy: development of a software pipeline},
  author={Vranken, Wim F and Boucher, Wayne and Stevens, Tim J and Fogh, Rasmus H and Pajon, Anne and Llinas, Miguel and Ulrich, Eldon L and Markley, John L and Ionides, John and Laue, Ernest D},
  journal={Proteins: Structure, Function, and Bioinformatics},
  volume={59},
  number={4},
  pages={687--696},
  year={2005},
  publisher={Wiley Online Library}
}

